@Book{Piegl1997_book,
  author    = {Piegl, L. and Tiller, W.},
  publisher = {Springer Berlin Heidelberg},
  title     = {The NURBS Book},
  year      = {1997},
  series    = {Monographs in Visual Communication},
}

@InBook{Eugster2018_inbook,
  author    = {Eugster, Simon R. and Steigmann, David J.},
  pages     = {1--9},
  publisher = {Springer Berlin Heidelberg},
  title     = {Variational Methods in the Theory of Beams and Lattices},
  year      = {2018},
  address   = {Berlin, Heidelberg},
  booktitle = {Encyclopedia of Continuum Mechanics},
}

@Article{Boor1972,
  author    = {Carl de Boor},
  title     = {On calculating with {B}-splines},
  journal   = {Journal of Approximation Theory},
  year      = {1972},
  volume    = {6},
  number    = {1},
  pages     = {50--62},
  month     = {jul},
  doi       = {10.1016/0021-9045(72)90080-9},
  publisher = {Elsevier {BV}},
}

@Comment{jabref-meta: databaseType:bibtex;}
